@ARTICLE{2019arXiv190503314H,
       author = {{Huppenkothen}, D. and {McFee}, B. and {Nor{\'e}n}, L.},
        title = "{Entrofy Your Cohort: A Data Science Approach to Candidate Selection}",
      journal = {arXiv e-prints},
     keywords = {Computer Science - Computers and Society, Astrophysics - Instrumentation and Methods for Astrophysics, Physics - Physics Education},
         year = 2019,
        month = may,
          eid = {arXiv:1905.03314},
        pages = {arXiv:1905.03314},
archivePrefix = {arXiv},
       eprint = {1905.03314},
 primaryClass = {cs.CY},
       adsurl = {https://ui.adsabs.harvard.edu/abs/2019arXiv190503314H},
      adsnote = {Provided by the SAO/NASA Astrophysics Data System}
}

@ARTICLE{2019ApJS..245...26K,
       author = {{Korytov}, Danila and {Hearin}, Andrew and {Kovacs}, Eve and {Larsen}, Patricia and {Rangel}, Esteban and {Hollowed}, Joseph and {Benson}, Andrew J. and {Heitmann}, Katrin and {Mao}, Yao-Yuan and {Bahmanyar}, Anita and {Chang}, Chihway and {Campbell}, Duncan and {DeRose}, Joseph and {Finkel}, Hal and {Frontiere}, Nicholas and {Gawiser}, Eric and {Habib}, Salman and {Joachimi}, Benjamin and {Lanusse}, Fran{\c{c}}ois and {Li}, Nan and {Mandelbaum}, Rachel and {Morrison}, Christopher and {Newman}, Jeffrey A. and {Pope}, Adrian and {Rykoff}, Eli and {Simet}, Melanie and {To}, Chun-Hao and {Vikraman}, Vinu and {Wechsler}, Risa H. and {White}, Martin and {(The LSST Dark Energy Science Collaboration}},
        title = "{CosmoDC2: A Synthetic Sky Catalog for Dark Energy Science with LSST}",
      journal = {\apjs},
     keywords = {Galaxies, Cosmology, Large-scale structure of the universe, Dark energy, 573, 343, 902, 351, Astrophysics - Cosmology and Nongalactic Astrophysics, Astrophysics - Astrophysics of Galaxies},
         year = 2019,
        month = dec,
       volume = {245},
       number = {2},
          eid = {26},
        pages = {26},
          doi = {10.3847/1538-4365/ab510c},
archivePrefix = {arXiv},
       eprint = {1907.06530},
 primaryClass = {astro-ph.CO},
       adsurl = {https://ui.adsabs.harvard.edu/abs/2019ApJS..245...26K},
      adsnote = {Provided by the SAO/NASA Astrophysics Data System}
}

@ARTICLE{2020arXiv201005926L,
       author = {{LSST Dark Energy Science Collaboration} and {Abolfathi}, Bela and
         {Alonso}, David and {Armstrong}, Robert and {Aubourg}, {\'E}ric and
         {Awan}, Humna and {Babuji}, Yadu N. and {Bauer}, Franz Erik and
         {Bean}, Rachel and {Beckett}, George and {Biswas}, Rahul and
         {Bogart}, Joanne R. and {Boutigny}, Dominique and {Chard}, Kyle and
         {Chiang}, James and {Claver}, Chuck F. and {Cohen-Tanugi}, Johann and
         {Combet}, C{\'e}line and {Connolly}, Andrew J. and {Daniel}, Scott F. and
         {Digel}, Seth W. and {Drlica-Wagner}, Alex and {Dubois}, Richard and
         {Gangler}, Emmanuel and {Gawiser}, Eric and {Glanzman}, Thomas and
         {Gris}, Phillipe and {Habib}, Salman and {Hearin}, Andrew P. and
         {Heitmann}, Katrin and {Hernandez}, Fabio and
         {Hlo{\v{z}}ek}, Ren{\'e}e and {Hollowed}, Joseph and {Ishak}, Mustapha and
         {Ivezi{\'c}}, {\v{Z}}eljko and {Jarvis}, Mike and {Jha}, Saurabh W. and
         {Kahn}, Steven M. and {Bryce Kalmbach}, J. and {Kelly}, Heather M. and
         {Kovacs}, Eve and {Korytov}, Danila and {Krughoff}, K. Simon and
         {Lage}, Craig S. and {Lanusse}, Fran{\c{c}}ois and {Larsen}, Patricia and
         {Le Guillou}, Laurent and {Li}, Nan and {Longley}, Emily Phillips and
         {Lupton}, Robert H. and {Mandelbaum}, Rachel and {Mao}, Yao-Yuan and
         {Marshall}, Phil and {Meyers}, Joshua E. and {Moniez}, Marc and
         {Morrison}, Christopher B. and {Nomerotski}, Andrei and
         {O'Connor}, Paul and {Park}, HyeYun and {Park}, Ji Won and
         {Peloton}, Julien and {Perrefort}, Daniel and {Perry}, James and
         {Plaszczynski}, St{\'e}phane and {Pope}, Adrian and
         {Rasmussen}, Andrew and {Reil}, Kevin and {Roodman}, Aaron J. and
         {Rykoff}, Eli S. and {S{\'a}nchez}, F. Javier and {Schmidt}, Samuel J. and
         {Stubbs}, Christopher W. and {Tyson}, J. Anthony and {Uram}, Thomas D. and
         {Villarreal}, Antonio and {Walter}, Christopher W. and
         {Wiesner}, Matthew P. and {Wood-Vasey}, W. Michael and {Zuntz}, Joe},
        title = "{The LSST DESC DC2 Simulated Sky Survey}",
      journal = {arXiv e-prints},
     keywords = {Astrophysics - Instrumentation and Methods for Astrophysics, Astrophysics - Cosmology and Nongalactic Astrophysics},
         year = 2020,
        month = oct,
          eid = {arXiv:2010.05926},
        pages = {arXiv:2010.05926},
archivePrefix = {arXiv},
       eprint = {2010.05926},
 primaryClass = {astro-ph.IM},
       adsurl = {https://ui.adsabs.harvard.edu/abs/2020arXiv201005926L},
      adsnote = {Provided by the SAO/NASA Astrophysics Data System}
}
